0308        111111       11045VVVVVVV                                           E     0000000000000000                                               00000      
0608        111111FGH         FGHFGH                  GFHFG                           00000000000000000000000000005905FGHFGH                         00000      
0808        111111                                                                                    0000000000005905                                          
