0302        000000       15045EMETEUR0                XCVXCV                    E     6789012345678901                                               12345      
0602        000000DFSDF       CCCCCCC                 FDSF                            00000000000000000000000000004500DFSF                           00000      
0602        000000DFSF        DDDDDDDDDDD             DSFSDF                          00000000000000000000000008798700DQFDSF                         00000      
0802        000000                                                                                    0000000008803200                                          
